@inproceedings{yao,
 author = {Yao, Andrew Chi-Chin},
 title = {Probabilistic Computations: Toward a Unified Measure of Complexity},
 booktitle = {Proceedings of the 18th Annual Symposium on Foundations of Computer Science},
 series = {SFCS '77},
 year = {1977},
 pages = {222--227},
 numpages = {6},
 url = {http://dx.doi.org/10.1109/SFCS.1977.24},
 doi = {10.1109/SFCS.1977.24},
 acmid = {1382556},
 publisher = {IEEE Computer Society},
 address = {Washington, DC, USA},
} 

@inproceedings{knapsack,
  author    = {Xin Han and
               Yasushi Kawase and
               Kazuhisa Makino},
  title     = {Randomized Algorithms for Removable Online Knapsack Problems},
  booktitle = {Frontiers in Algorithmics \emph{and} Algorithmic Aspects in Information
               and Management, Third Joint International Conference, {FAW-AAIM} 2013,
               Dalian, China, June 26-28, 2013. Proceedings},
  pages     = {60--71},
  year      = {2013},
  crossref  = {DBLP:conf/aaim/2013},
  url       = {http://dx.doi.org/10.1007/978-3-642-38756-2_9},
  doi       = {10.1007/978-3-642-38756-2_9},
  timestamp = {Fri, 24 May 2013 14:20:25 +0200},
  biburl    = {http://dblp.uni-trier.de/rec/bib/conf/aaim/HanKM13},
  bibsource = {dblp computer science bibliography, http://dblp.org}
}
